<collection xmlns="http://www.loc.gov/MARC21/slim">
<record>
  <leader>01713nam0a2200253 i 450 </leader>
  <controlfield tag="001">IT\ICCU\CNCE\039380</controlfield>
  <controlfield tag="005">20110319000000.0</controlfield>
  <datafield tag="012" ind1=" " ind2=" ">
    <subfield code="a">a-e, a-di o.di rias (3) 1588 (R)</subfield>
    <subfield code="2">fei</subfield>
  </datafield>
  <datafield tag="100" ind1=" " ind2=" ">
    <subfield code="a">19981031d1588        0itac0103    ba</subfield>
  </datafield>
  <datafield tag="101" ind1=" " ind2=" ">
    <subfield code="a">ITA</subfield>
  </datafield>
  <datafield tag="102" ind1=" " ind2=" ">
    <subfield code="a">IT</subfield>
  </datafield>
  <datafield tag="200" ind1="1" ind2=" ">
    <subfield code="a">Compendio historico, del Vecchio, &amp; del Nuouo Testamento. Cauato dalla sacra Bibbia, dal r.m.d. Bartolomeo Dionigi da Fano. Nel quale si descriuono tutte le cose notabili, che successero nel popolo hebreo, dalla creation del mondo, sin&apos;all&apos;vltima destruttion di Gierusalemme. Con la vita di Giesu Christo, saluator del mondo, et con la diuolgation del santo vangelo, et della sua santa fede. Con due tauole, l&apos;vna de&apos; capitoli, l&apos;altra delle cose notabili. Di nuouo ricorretto, et ristampato</subfield>
  </datafield>
  <datafield tag="210" ind1=" " ind2=" ">
    <subfield code="a">In Mantoua</subfield>
    <subfield code="c">presso Francesco Osanna</subfield>
    <subfield code="d">stampator ducale</subfield>
    <subfield code="d">1588</subfield>
    <subfield code="e">In Mantoua</subfield>
    <subfield code="g">presso Francesco Osanna</subfield>
    <subfield code="h">stampator ducale</subfield>
  </datafield>
  <datafield tag="215" ind1=" " ind2=" ">
    <subfield code="a">\28!, 343 p.</subfield>
    <subfield code="d">4ʻ</subfield>
  </datafield>
  <datafield tag="620" ind1=" " ind2=" ">
    <subfield code="a">IT</subfield>
    <subfield code="d">Mantova</subfield>
  </datafield>
  <datafield tag="700" ind1=" " ind2="1">
    <subfield code="a">Dionigi,</subfield>
    <subfield code="b">Bartolomeo</subfield>
    <subfield code="3">IT\ICCU\CNCA\000383</subfield>
  </datafield>
  <datafield tag="712" ind1="0" ind2="0">
    <subfield code="a">Osanna, Francesco</subfield>
    <subfield code="3">IT\ICCU\CNCT\000504</subfield>
    <subfield code="4">650</subfield>
  </datafield>
  <datafield tag="791" ind1="0" ind2="0">
    <subfield code="a">Osanna, Francesco Bernardino</subfield>
    <subfield code="3">IT\ICCU\CNCT\002263</subfield>
    <subfield code="z">Osanna, Francesco</subfield>
  </datafield>
  <datafield tag="791" ind1="0" ind2="0">
    <subfield code="a">Osana, Franciscus</subfield>
    <subfield code="3">IT\ICCU\CNCT\005166</subfield>
    <subfield code="z">Osanna, Francesco</subfield>
  </datafield>
  <datafield tag="791" ind1="0" ind2="0">
    <subfield code="a">Osana, Francesco Bernardino</subfield>
    <subfield code="3">IT\ICCU\CNCT\005167</subfield>
    <subfield code="z">Osanna, Francesco</subfield>
  </datafield>
  <datafield tag="801" ind1=" " ind2="3">
    <subfield code="a">IT</subfield>
    <subfield code="b">ICCU</subfield>
    <subfield code="c">20201114</subfield>
  </datafield>
  <datafield tag="899" ind1=" " ind2=" ">
    <subfield code="a">Biblioteca comunale Teresiana. Mantova</subfield>
    <subfield code="1">MN0035</subfield>
    <subfield code="2">LO1 12</subfield>
  </datafield>
  <datafield tag="911" ind1=" " ind2=" ">
    <subfield code="a">Sul front.</subfield>
    <subfield code="9">IT\ICCU\CNCM\000400</subfield>
  </datafield>
  <datafield tag="921" ind1=" " ind2=" ">
    <subfield code="a">IT\ICCU\CNCM\000400</subfield>
    <subfield code="b">Fama (donna alata in piedi sul globo suona una tromba). In cornice figurata con lo stemma dei Gonzaga</subfield>
    <subfield code="e">Virtute, et labore.</subfield>
    <subfield code="c">A37</subfield>
    <subfield code="c">V96</subfield>
    <subfield code="c">Z511</subfield>
    <subfield code="d">Dimensioni: 5,3 x 6. Con o senza motto</subfield>
    <subfield code="f">FAMA</subfield>
    <subfield code="f">FEDE</subfield>
    <subfield code="f">PACE</subfield>
    <subfield code="f">STEMMA</subfield>
    <subfield code="f">VIRTUTEETL</subfield>
    <subfield code="g">1575-1591</subfield>
  </datafield>
</record>
</collection>
